<record><leader>00000cas a2200000 a 4500</leader><controlfield tag="001">16099796</controlfield><controlfield tag="008">870627c19869999iauwr ne      0   a0eng d</controlfield><controlfield tag="009">5087</controlfield><datafield ind1=" " ind2=" " tag="010"><subfield code="a">sn 87057028 </subfield></datafield><datafield ind1=" " ind2=" " tag="040"><subfield code="a">INP</subfield><subfield code="b">eng</subfield><subfield code="c">INP</subfield><subfield code="d">NSD</subfield><subfield code="d">KNP</subfield><subfield code="d">OCL</subfield><subfield code="d">OCLCQ</subfield></datafield><datafield ind1=" " ind2=" " tag="012"><subfield code="m">1</subfield></datafield><datafield ind1="1" ind2=" " tag="022"><subfield code="a">1064-315X</subfield><subfield code="l">1064-315X</subfield><subfield code="2">1</subfield></datafield><datafield ind1="1" ind2=" " tag="029"><subfield code="a">AU@</subfield><subfield code="b">000020480252</subfield></datafield><datafield ind1=" " ind2=" " tag="032"><subfield code="a">008645</subfield><subfield code="b">USPS</subfield></datafield><datafield ind1=" " ind2=" " tag="037"><subfield code="b">The Communicator, 1228 2nd Ave., Des Moines, IA 50314</subfield></datafield><datafield ind1=" " ind2=" " tag="042"><subfield code="a">msc</subfield><subfield code="a">nsdp</subfield></datafield><datafield ind1="0" ind2=" " tag="130"><subfield code="a">Communicator (Des Moines, Iowa)</subfield></datafield><datafield ind1=" " ind2="0" tag="222"><subfield code="a">Communicator</subfield><subfield code="b">(Des Moines, Iowa)</subfield></datafield><datafield ind1="0" ind2="4" tag="245"><subfield code="a">The Communicator.</subfield></datafield><datafield ind1=" " ind2=" " tag="260"><subfield code="a">Des Moines, IA :</subfield><subfield code="b">R.L. Bradley,</subfield><subfield code="c">1986-</subfield></datafield><datafield ind1=" " ind2=" " tag="300"><subfield code="a">v.</subfield></datafield><datafield ind1=" " ind2=" " tag="310"><subfield code="a">Weekly,</subfield><subfield code="b">&lt;May 1-8, 1992-&gt;</subfield></datafield><datafield ind1=" " ind2=" " tag="321"><subfield code="a">Twenty-four no. a year,</subfield><subfield code="b">Nov. 1, 1986-19</subfield></datafield><datafield ind1="0" ind2=" " tag="362"><subfield code="a">Vol. 1, no. 1 (Nov. 1, 1986)-</subfield></datafield><datafield ind1=" " ind2=" " tag="500"><subfield code="a">Publisher: Merit Pub., &lt;May 1-8, 1992-&gt;</subfield></datafield><datafield ind1=" " ind2="4" tag="651"><subfield code="a">Des Moines (Iowa)</subfield><subfield code="v">Newspapers.</subfield></datafield><datafield ind1=" " ind2=" " tag="752"><subfield code="a">United States</subfield><subfield code="b">Iowa</subfield><subfield code="c">Polk</subfield><subfield code="d">Des Moines.</subfield></datafield><datafield ind1=" " ind2=" " tag="936"><subfield code="a">Vol. 6, no. 12 (May 1-8, 1992) LIC</subfield></datafield></record>